%YAML 1.1
%TAG !u! tag:unity3d.com,2011:
--- !u!29 &1
OcclusionCullingSettings:
  m_ObjectHideFlags: 0
  serializedVersion: 2
  m_OcclusionBakeSettings:
    smallestOccluder: 5
    smallestHole: 0.25
    backfaceThreshold: 100
  m_SceneGUID: 00000000000000000000000000000000
  m_OcclusionCullingData: {fileID: 0}
--- !u!104 &2
RenderSettings:
  m_ObjectHideFlags: 0
  serializedVersion: 9
  m_Fog: 0
  m_FogColor: {r: 0.5, g: 0.5, b: 0.5, a: 1}
  m_FogMode: 3
  m_FogDensity: 0.01
  m_LinearFogStart: 0
  m_LinearFogEnd: 300
  m_AmbientSkyColor: {r: 0.212, g: 0.227, b: 0.259, a: 1}
  m_AmbientEquatorColor: {r: 0.114, g: 0.125, b: 0.133, a: 1}
  m_AmbientGroundColor: {r: 0.047, g: 0.043, b: 0.035, a: 1}
  m_AmbientIntensity: 1
  m_AmbientMode: 3
  m_SubtractiveShadowColor: {r: 0.42, g: 0.478, b: 0.627, a: 1}
  m_SkyboxMaterial: {fileID: 0}
  m_HaloStrength: 0.5
  m_FlareStrength: 1
  m_FlareFadeSpeed: 3
  m_HaloTexture: {fileID: 0}
  m_SpotCookie: {fileID: 10001, guid: 0000000000000000e000000000000000, type: 0}
  m_DefaultReflectionMode: 0
  m_DefaultReflectionResolution: 128
  m_ReflectionBounces: 1
  m_ReflectionIntensity: 1
  m_CustomReflection: {fileID: 0}
  m_Sun: {fileID: 0}
  m_IndirectSpecularColor: {r: 0, g: 0, b: 0, a: 1}
  m_UseRadianceAmbientProbe: 0
--- !u!157 &3
LightmapSettings:
  m_ObjectHideFlags: 0
  serializedVersion: 11
  m_GIWorkflowMode: 1
  m_GISettings:
    serializedVersion: 2
    m_BounceScale: 1
    m_IndirectOutputScale: 1
    m_AlbedoBoost: 1
    m_EnvironmentLightingMode: 0
    m_EnableBakedLightmaps: 0
    m_EnableRealtimeLightmaps: 0
  m_LightmapEditorSettings:
    serializedVersion: 12
    m_Resolution: 2
    m_BakeResolution: 40
    m_AtlasSize: 1024
    m_AO: 0
    m_AOMaxDistance: 1
    m_CompAOExponent: 1
    m_CompAOExponentDirect: 0
    m_ExtractAmbientOcclusion: 0
    m_Padding: 2
    m_LightmapParameters: {fileID: 0}
    m_LightmapsBakeMode: 1
    m_TextureCompression: 1
    m_FinalGather: 0
    m_FinalGatherFiltering: 1
    m_FinalGatherRayCount: 256
    m_ReflectionCompression: 2
    m_MixedBakeMode: 2
    m_BakeBackend: 1
    m_PVRSampling: 1
    m_PVRDirectSampleCount: 32
    m_PVRSampleCount: 512
    m_PVRBounces: 2
    m_PVREnvironmentSampleCount: 256
    m_PVREnvironmentReferencePointCount: 2048
    m_PVRFilteringMode: 1
    m_PVRDenoiserTypeDirect: 1
    m_PVRDenoiserTypeIndirect: 1
    m_PVRDenoiserTypeAO: 1
    m_PVRFilterTypeDirect: 0
    m_PVRFilterTypeIndirect: 0
    m_PVRFilterTypeAO: 0
    m_PVREnvironmentMIS: 1
    m_PVRCulling: 1
    m_PVRFilteringGaussRadiusDirect: 1
    m_PVRFilteringGaussRadiusIndirect: 5
    m_PVRFilteringGaussRadiusAO: 2
    m_PVRFilteringAtrousPositionSigmaDirect: 0.5
    m_PVRFilteringAtrousPositionSigmaIndirect: 2
    m_PVRFilteringAtrousPositionSigmaAO: 1
    m_ExportTrainingData: 0
    m_TrainingDataDestination: TrainingData
    m_LightProbeSampleCountMultiplier: 4
  m_LightingDataAsset: {fileID: 0}
  m_UseShadowmask: 1
--- !u!196 &4
NavMeshSettings:
  serializedVersion: 2
  m_ObjectHideFlags: 0
  m_BuildSettings:
    serializedVersion: 2
    agentTypeID: 0
    agentRadius: 0.5
    agentHeight: 2
    agentSlope: 45
    agentClimb: 0.4
    ledgeDropHeight: 0
    maxJumpAcrossDistance: 0
    minRegionArea: 2
    manualCellSize: 0
    cellSize: 0.16666667
    manualTileSize: 0
    tileSize: 256
    accuratePlacement: 0
    debug:
      m_Flags: 0
  m_NavMeshData: {fileID: 0}
--- !u!4 &38390507 stripped
Transform:
  m_CorrespondingSourceObject: {fileID: 3911113346370270974, guid: ebec4966285bb8d4c975f75606d6be40,
    type: 3}
  m_PrefabInstance: {fileID: 3911113346341518357}
  m_PrefabAsset: {fileID: 0}
--- !u!82 &58095528 stripped
AudioSource:
  m_CorrespondingSourceObject: {fileID: 3911113346384907197, guid: ebec4966285bb8d4c975f75606d6be40,
    type: 3}
  m_PrefabInstance: {fileID: 3911113346341518357}
  m_PrefabAsset: {fileID: 0}
--- !u!4 &258328787 stripped
Transform:
  m_CorrespondingSourceObject: {fileID: 5777093851139803586, guid: 8f73553212a73e444b3b0b9ca0bfd53e,
    type: 3}
  m_PrefabInstance: {fileID: 5777093850886422801}
  m_PrefabAsset: {fileID: 0}
--- !u!1 &375310547
GameObject:
  m_ObjectHideFlags: 0
  m_CorrespondingSourceObject: {fileID: 0}
  m_PrefabInstance: {fileID: 0}
  m_PrefabAsset: {fileID: 0}
  serializedVersion: 6
  m_Component:
  - component: {fileID: 375310548}
  - component: {fileID: 375310549}
  m_Layer: 8
  m_Name: LimitBoundariesRight
  m_TagString: Untagged
  m_Icon: {fileID: 0}
  m_NavMeshLayer: 0
  m_StaticEditorFlags: 0
  m_IsActive: 1
--- !u!224 &375310548
RectTransform:
  m_ObjectHideFlags: 0
  m_CorrespondingSourceObject: {fileID: 0}
  m_PrefabInstance: {fileID: 0}
  m_PrefabAsset: {fileID: 0}
  m_GameObject: {fileID: 375310547}
  m_LocalRotation: {x: 0, y: 0, z: 0, w: 1}
  m_LocalPosition: {x: 0, y: 0, z: 15}
  m_LocalScale: {x: 13, y: 6, z: 1}
  m_Children: []
  m_Father: {fileID: 1966668123}
  m_RootOrder: 2
  m_LocalEulerAnglesHint: {x: 0, y: 0, z: 0}
  m_AnchorMin: {x: 0.5, y: 0.5}
  m_AnchorMax: {x: 0.5, y: 0.5}
  m_AnchoredPosition: {x: -14.718, y: 0}
  m_SizeDelta: {x: 2.4014168, y: 0.99999976}
  m_Pivot: {x: 0.027071085, y: 0.49999994}
--- !u!61 &375310549
BoxCollider2D:
  m_ObjectHideFlags: 0
  m_CorrespondingSourceObject: {fileID: 0}
  m_PrefabInstance: {fileID: 0}
  m_PrefabAsset: {fileID: 0}
  m_GameObject: {fileID: 375310547}
  m_Enabled: 1
  m_Density: 1
  m_Material: {fileID: 0}
  m_IsTrigger: 0
  m_UsedByEffector: 0
  m_UsedByComposite: 0
  m_Offset: {x: 2.2815275, y: -0.011585593}
  m_SpriteTilingProperty:
    border: {x: 0, y: 0, z: 0, w: 0}
    pivot: {x: 0, y: 0}
    oldSize: {x: 0, y: 0}
    newSize: {x: 0, y: 0}
    adaptiveTilingThreshold: 0
    drawMode: 0
    adaptiveTiling: 0
  m_AutoTiling: 0
  serializedVersion: 2
  m_Size: {x: 0.05383849, y: 0.9457177}
  m_EdgeRadius: 0
--- !u!4 &446687771 stripped
Transform:
  m_CorrespondingSourceObject: {fileID: 5341669341334455537, guid: dd3dc0fe2c874234e94296ed45ccd5c1,
    type: 3}
  m_PrefabInstance: {fileID: 5341669341493079786}
  m_PrefabAsset: {fileID: 0}
--- !u!1 &462967185
GameObject:
  m_ObjectHideFlags: 0
  m_CorrespondingSourceObject: {fileID: 0}
  m_PrefabInstance: {fileID: 0}
  m_PrefabAsset: {fileID: 0}
  serializedVersion: 6
  m_Component:
  - component: {fileID: 462967187}
  - component: {fileID: 462967186}
  m_Layer: 0
  m_Name: Fog
  m_TagString: Untagged
  m_Icon: {fileID: 0}
  m_NavMeshLayer: 0
  m_StaticEditorFlags: 0
  m_IsActive: 0
--- !u!212 &462967186
SpriteRenderer:
  m_ObjectHideFlags: 0
  m_CorrespondingSourceObject: {fileID: 0}
  m_PrefabInstance: {fileID: 0}
  m_PrefabAsset: {fileID: 0}
  m_GameObject: {fileID: 462967185}
  m_Enabled: 1
  m_CastShadows: 0
  m_ReceiveShadows: 0
  m_DynamicOccludee: 1
  m_MotionVectors: 1
  m_LightProbeUsage: 1
  m_ReflectionProbeUsage: 1
  m_RayTracingMode: 0
  m_RenderingLayerMask: 1
  m_RendererPriority: 0
  m_Materials:
  - {fileID: 10754, guid: 0000000000000000f000000000000000, type: 0}
  m_StaticBatchInfo:
    firstSubMesh: 0
    subMeshCount: 0
  m_StaticBatchRoot: {fileID: 0}
  m_ProbeAnchor: {fileID: 0}
  m_LightProbeVolumeOverride: {fileID: 0}
  m_ScaleInLightmap: 1
  m_ReceiveGI: 1
  m_PreserveUVs: 0
  m_IgnoreNormalsForChartDetection: 0
  m_ImportantGI: 0
  m_StitchLightmapSeams: 1
  m_SelectedEditorRenderState: 0
  m_MinimumChartSize: 4
  m_AutoUVMaxDistance: 0.5
  m_AutoUVMaxAngle: 89
  m_LightmapParameters: {fileID: 0}
  m_SortingLayerID: 0
  m_SortingLayer: 0
  m_SortingOrder: 0
  m_Sprite: {fileID: 21300000, guid: acdb20e8bfe59fb49bc9d9b4b62e52da, type: 3}
  m_Color: {r: 1, g: 1, b: 1, a: 1}
  m_FlipX: 0
  m_FlipY: 0
  m_DrawMode: 0
  m_Size: {x: 30.87437, y: 6}
  m_AdaptiveModeThreshold: 0.5
  m_SpriteTileMode: 0
  m_WasSpriteAssigned: 1
  m_MaskInteraction: 0
  m_SpriteSortPoint: 0
--- !u!4 &462967187
Transform:
  m_ObjectHideFlags: 0
  m_CorrespondingSourceObject: {fileID: 0}
  m_PrefabInstance: {fileID: 0}
  m_PrefabAsset: {fileID: 0}
  m_GameObject: {fileID: 462967185}
  m_LocalRotation: {x: -0, y: -0, z: -0, w: 1}
  m_LocalPosition: {x: 0, y: 0, z: -21.33}
  m_LocalScale: {x: 1, y: 1, z: 1}
  m_Children: []
  m_Father: {fileID: 1966668123}
  m_RootOrder: 0
  m_LocalEulerAnglesHint: {x: 0, y: 0, z: 0}
--- !u!1 &470123116
GameObject:
  m_ObjectHideFlags: 0
  m_CorrespondingSourceObject: {fileID: 0}
  m_PrefabInstance: {fileID: 0}
  m_PrefabAsset: {fileID: 0}
  serializedVersion: 6
  m_Component:
  - component: {fileID: 470123117}
  - component: {fileID: 470123118}
  m_Layer: 8
  m_Name: Sun
  m_TagString: Untagged
  m_Icon: {fileID: 0}
  m_NavMeshLayer: 0
  m_StaticEditorFlags: 0
  m_IsActive: 1
--- !u!224 &470123117
RectTransform:
  m_ObjectHideFlags: 0
  m_CorrespondingSourceObject: {fileID: 0}
  m_PrefabInstance: {fileID: 0}
  m_PrefabAsset: {fileID: 0}
  m_GameObject: {fileID: 470123116}
  m_LocalRotation: {x: -0, y: -0, z: -0, w: 1}
  m_LocalPosition: {x: 0, y: 0, z: 5558.87}
  m_LocalScale: {x: 13, y: 6, z: 1}
  m_Children: []
  m_Father: {fileID: 595416324}
  m_RootOrder: 7
  m_LocalEulerAnglesHint: {x: 50, y: -30, z: 0}
  m_AnchorMin: {x: 0.5, y: 0.5}
  m_AnchorMax: {x: 0.5, y: 0.5}
  m_AnchoredPosition: {x: -709.3, y: -95.4}
  m_SizeDelta: {x: 100, y: 100}
  m_Pivot: {x: 0.5, y: 0.5}
--- !u!108 &470123118
Light:
  m_ObjectHideFlags: 0
  m_CorrespondingSourceObject: {fileID: 0}
  m_PrefabInstance: {fileID: 0}
  m_PrefabAsset: {fileID: 0}
  m_GameObject: {fileID: 470123116}
  m_Enabled: 1
  serializedVersion: 10
  m_Type: 1
  m_Shape: 0
  m_Color: {r: 1, g: 1, b: 1, a: 1}
  m_Intensity: 1
  m_Range: 10
  m_SpotAngle: 30
  m_InnerSpotAngle: 21.80208
  m_CookieSize: 10
  m_Shadows:
    m_Type: 0
    m_Resolution: -1
    m_CustomResolution: -1
    m_Strength: 1
    m_Bias: 0.05
    m_NormalBias: 0.4
    m_NearPlane: 0.2
    m_CullingMatrixOverride:
      e00: 1
      e01: 0
      e02: 0
      e03: 0
      e10: 0
      e11: 1
      e12: 0
      e13: 0
      e20: 0
      e21: 0
      e22: 1
      e23: 0
      e30: 0
      e31: 0
      e32: 0
      e33: 1
    m_UseCullingMatrixOverride: 0
  m_Cookie: {fileID: 0}
  m_DrawHalo: 0
  m_Flare: {fileID: 0}
  m_RenderMode: 0
  m_CullingMask:
    serializedVersion: 2
    m_Bits: 4294967295
  m_RenderingLayerMask: 1
  m_Lightmapping: 2
  m_LightShadowCasterMode: 0
  m_AreaSize: {x: 1, y: 1}
  m_BounceIntensity: 0
  m_ColorTemperature: 6570
  m_UseColorTemperature: 0
  m_BoundingSphereOverride: {x: 0, y: 0, z: 0, w: 0}
  m_UseBoundingSphereOverride: 0
  m_ShadowRadius: 0
  m_ShadowAngle: 0
--- !u!1 &531107417
GameObject:
  m_ObjectHideFlags: 0
  m_CorrespondingSourceObject: {fileID: 0}
  m_PrefabInstance: {fileID: 0}
  m_PrefabAsset: {fileID: 0}
  serializedVersion: 6
  m_Component:
  - component: {fileID: 531107418}
  m_Layer: 0
  m_Name: SpawnPointer1
  m_TagString: Untagged
  m_Icon: {fileID: 2974397684917235467, guid: 0000000000000000d000000000000000, type: 0}
  m_NavMeshLayer: 0
  m_StaticEditorFlags: 0
  m_IsActive: 1
--- !u!4 &531107418
Transform:
  m_ObjectHideFlags: 0
  m_CorrespondingSourceObject: {fileID: 0}
  m_PrefabInstance: {fileID: 0}
  m_PrefabAsset: {fileID: 0}
  m_GameObject: {fileID: 531107417}
  m_LocalRotation: {x: 0, y: 0, z: 0, w: 1}
  m_LocalPosition: {x: -576.5, y: -125.5, z: 5583}
  m_LocalScale: {x: 1, y: 1, z: 1}
  m_Children: []
  m_Father: {fileID: 1496914155}
  m_RootOrder: 0
  m_LocalEulerAnglesHint: {x: 0, y: 0, z: 0}
--- !u!1 &595416323
GameObject:
  m_ObjectHideFlags: 0
  m_CorrespondingSourceObject: {fileID: 0}
  m_PrefabInstance: {fileID: 0}
  m_PrefabAsset: {fileID: 0}
  serializedVersion: 6
  m_Component:
  - component: {fileID: 595416324}
  m_Layer: 0
  m_Name: GameElements
  m_TagString: Untagged
  m_Icon: {fileID: 0}
  m_NavMeshLayer: 0
  m_StaticEditorFlags: 0
  m_IsActive: 1
--- !u!4 &595416324
Transform:
  m_ObjectHideFlags: 0
  m_CorrespondingSourceObject: {fileID: 0}
  m_PrefabInstance: {fileID: 0}
  m_PrefabAsset: {fileID: 0}
  m_GameObject: {fileID: 595416323}
  m_LocalRotation: {x: 0, y: 0, z: 0, w: 1}
  m_LocalPosition: {x: 756.46027, y: 110.57847, z: -5584.17}
  m_LocalScale: {x: 1, y: 1, z: 1}
  m_Children:
  - {fileID: 1747338295}
  - {fileID: 1966668123}
  - {fileID: 1444754343}
  - {fileID: 38390507}
  - {fileID: 258328787}
  - {fileID: 1496914155}
  - {fileID: 446687771}
  - {fileID: 470123117}
  m_Father: {fileID: 0}
  m_RootOrder: 0
  m_LocalEulerAnglesHint: {x: 0, y: 0, z: 0}
--- !u!82 &598040449 stripped
AudioSource:
  m_CorrespondingSourceObject: {fileID: 3911113346918441876, guid: ebec4966285bb8d4c975f75606d6be40,
    type: 3}
  m_PrefabInstance: {fileID: 3911113346341518357}
  m_PrefabAsset: {fileID: 0}
--- !u!1 &738163362
GameObject:
  m_ObjectHideFlags: 0
  m_CorrespondingSourceObject: {fileID: 0}
  m_PrefabInstance: {fileID: 0}
  m_PrefabAsset: {fileID: 0}
  serializedVersion: 6
  m_Component:
  - component: {fileID: 738163364}
  - component: {fileID: 738163363}
  m_Layer: 0
  m_Name: PPVol
  m_TagString: Untagged
  m_Icon: {fileID: 0}
  m_NavMeshLayer: 0
  m_StaticEditorFlags: 0
  m_IsActive: 1
--- !u!114 &738163363
MonoBehaviour:
  m_ObjectHideFlags: 0
  m_CorrespondingSourceObject: {fileID: 0}
  m_PrefabInstance: {fileID: 0}
  m_PrefabAsset: {fileID: 0}
  m_GameObject: {fileID: 738163362}
  m_Enabled: 1
  m_EditorHideFlags: 0
  m_Script: {fileID: 11500000, guid: 8b9a305e18de0c04dbd257a21cd47087, type: 3}
  m_Name: 
  m_EditorClassIdentifier: 
  sharedProfile: {fileID: 11400000, guid: 4bdd7e9f3dc17cc4398178e15954980d, type: 2}
  isGlobal: 1
  blendDistance: 10
  weight: 1
  priority: 0
--- !u!4 &738163364
Transform:
  m_ObjectHideFlags: 0
  m_CorrespondingSourceObject: {fileID: 0}
  m_PrefabInstance: {fileID: 0}
  m_PrefabAsset: {fileID: 0}
  m_GameObject: {fileID: 738163362}
  m_LocalRotation: {x: -0, y: -0, z: -0, w: 1}
  m_LocalPosition: {x: -81.06299, y: 14.303841, z: -8602.223}
  m_LocalScale: {x: 1, y: 1, z: 1}
  m_Children: []
  m_Father: {fileID: 0}
  m_RootOrder: 3
  m_LocalEulerAnglesHint: {x: 0, y: 0, z: 0}
--- !u!1 &895852534
GameObject:
  m_ObjectHideFlags: 0
  m_CorrespondingSourceObject: {fileID: 0}
  m_PrefabInstance: {fileID: 0}
  m_PrefabAsset: {fileID: 0}
  serializedVersion: 6
  m_Component:
  - component: {fileID: 895852535}
  m_Layer: 0
  m_Name: SpawnPointer2
  m_TagString: Untagged
  m_Icon: {fileID: 2974397684917235467, guid: 0000000000000000d000000000000000, type: 0}
  m_NavMeshLayer: 0
  m_StaticEditorFlags: 0
  m_IsActive: 1
--- !u!4 &895852535
Transform:
  m_ObjectHideFlags: 0
  m_CorrespondingSourceObject: {fileID: 0}
  m_PrefabInstance: {fileID: 0}
  m_PrefabAsset: {fileID: 0}
  m_GameObject: {fileID: 895852534}
  m_LocalRotation: {x: 0, y: 0, z: 0, w: 1}
  m_LocalPosition: {x: -911.8, y: -126.7, z: 5583}
  m_LocalScale: {x: 1, y: 1, z: 1}
  m_Children: []
  m_Father: {fileID: 1496914155}
  m_RootOrder: 1
  m_LocalEulerAnglesHint: {x: 0, y: 0, z: 0}
--- !u!1 &942661519 stripped
GameObject:
  m_CorrespondingSourceObject: {fileID: 8762397951564556878, guid: 7a7d385fc3feb30479cd99245acbe62b,
    type: 3}
  m_PrefabInstance: {fileID: 8762397952505443777}
  m_PrefabAsset: {fileID: 0}
--- !u!1 &981759342 stripped
GameObject:
  m_CorrespondingSourceObject: {fileID: 5544975089891612713, guid: 6c8f081c826ba434a904224d8d357c1a,
    type: 3}
  m_PrefabInstance: {fileID: 5544975088994315591}
  m_PrefabAsset: {fileID: 0}
--- !u!1 &1337416238 stripped
GameObject:
  m_CorrespondingSourceObject: {fileID: 5544975090209404777, guid: 6c8f081c826ba434a904224d8d357c1a,
    type: 3}
  m_PrefabInstance: {fileID: 5544975088994315591}
  m_PrefabAsset: {fileID: 0}
--- !u!1 &1444754342 stripped
GameObject:
  m_CorrespondingSourceObject: {fileID: 5544975090371288801, guid: 6c8f081c826ba434a904224d8d357c1a,
    type: 3}
  m_PrefabInstance: {fileID: 5544975088994315591}
  m_PrefabAsset: {fileID: 0}
--- !u!224 &1444754343 stripped
RectTransform:
  m_CorrespondingSourceObject: {fileID: 5544975090371288800, guid: 6c8f081c826ba434a904224d8d357c1a,
    type: 3}
  m_PrefabInstance: {fileID: 5544975088994315591}
  m_PrefabAsset: {fileID: 0}
--- !u!1 &1492839519 stripped
GameObject:
  m_CorrespondingSourceObject: {fileID: 5544975090457739544, guid: 6c8f081c826ba434a904224d8d357c1a,
    type: 3}
  m_PrefabInstance: {fileID: 5544975088994315591}
  m_PrefabAsset: {fileID: 0}
--- !u!1 &1496914154
GameObject:
  m_ObjectHideFlags: 0
  m_CorrespondingSourceObject: {fileID: 0}
  m_PrefabInstance: {fileID: 0}
  m_PrefabAsset: {fileID: 0}
  serializedVersion: 6
  m_Component:
  - component: {fileID: 1496914155}
  - component: {fileID: 1496914156}
  m_Layer: 0
  m_Name: ResSpawn
  m_TagString: Untagged
  m_Icon: {fileID: 0}
  m_NavMeshLayer: 0
  m_StaticEditorFlags: 0
  m_IsActive: 1
--- !u!4 &1496914155
Transform:
  m_ObjectHideFlags: 0
  m_CorrespondingSourceObject: {fileID: 0}
  m_PrefabInstance: {fileID: 0}
  m_PrefabAsset: {fileID: 0}
  m_GameObject: {fileID: 1496914154}
  m_LocalRotation: {x: 0, y: 0, z: 0, w: 1}
  m_LocalPosition: {x: 0, y: 0, z: 0}
  m_LocalScale: {x: 1, y: 1, z: 1}
  m_Children:
  - {fileID: 531107418}
  - {fileID: 895852535}
  m_Father: {fileID: 595416324}
  m_RootOrder: 5
  m_LocalEulerAnglesHint: {x: 0, y: 0, z: 0}
--- !u!114 &1496914156
MonoBehaviour:
  m_ObjectHideFlags: 0
  m_CorrespondingSourceObject: {fileID: 0}
  m_PrefabInstance: {fileID: 0}
  m_PrefabAsset: {fileID: 0}
  m_GameObject: {fileID: 1496914154}
  m_Enabled: 1
  m_EditorHideFlags: 0
  m_Script: {fileID: 11500000, guid: 9071d8d6164277346aaeb5813a5f34e6, type: 3}
  m_Name: 
  m_EditorClassIdentifier: 
--- !u!1 &1747338292
GameObject:
  m_ObjectHideFlags: 0
  m_CorrespondingSourceObject: {fileID: 0}
  m_PrefabInstance: {fileID: 0}
  m_PrefabAsset: {fileID: 0}
  serializedVersion: 6
  m_Component:
  - component: {fileID: 1747338295}
  - component: {fileID: 1747338294}
  - component: {fileID: 1747338293}
  m_Layer: 0
  m_Name: EventSystem
  m_TagString: Untagged
  m_Icon: {fileID: 0}
  m_NavMeshLayer: 0
  m_StaticEditorFlags: 0
  m_IsActive: 1
--- !u!114 &1747338293
MonoBehaviour:
  m_ObjectHideFlags: 0
  m_CorrespondingSourceObject: {fileID: 0}
  m_PrefabInstance: {fileID: 0}
  m_PrefabAsset: {fileID: 0}
  m_GameObject: {fileID: 1747338292}
  m_Enabled: 1
  m_EditorHideFlags: 0
  m_Script: {fileID: 11500000, guid: 4f231c4fb786f3946a6b90b886c48677, type: 3}
  m_Name: 
  m_EditorClassIdentifier: 
  m_HorizontalAxis: Horizontal
  m_VerticalAxis: Vertical
  m_SubmitButton: Submit
  m_CancelButton: Cancel
  m_InputActionsPerSecond: 10
  m_RepeatDelay: 0.5
  m_ForceModuleActive: 0
--- !u!114 &1747338294
MonoBehaviour:
  m_ObjectHideFlags: 0
  m_CorrespondingSourceObject: {fileID: 0}
  m_PrefabInstance: {fileID: 0}
  m_PrefabAsset: {fileID: 0}
  m_GameObject: {fileID: 1747338292}
  m_Enabled: 1
  m_EditorHideFlags: 0
  m_Script: {fileID: 11500000, guid: 76c392e42b5098c458856cdf6ecaaaa1, type: 3}
  m_Name: 
  m_EditorClassIdentifier: 
  m_FirstSelected: {fileID: 0}
  m_sendNavigationEvents: 1
  m_DragThreshold: 10
--- !u!4 &1747338295
Transform:
  m_ObjectHideFlags: 0
  m_CorrespondingSourceObject: {fileID: 0}
  m_PrefabInstance: {fileID: 0}
  m_PrefabAsset: {fileID: 0}
  m_GameObject: {fileID: 1747338292}
  m_LocalRotation: {x: -0, y: -0, z: -0, w: 1}
  m_LocalPosition: {x: -756.46027, y: -110.57847, z: 5584.17}
  m_LocalScale: {x: 1, y: 1, z: 1}
  m_Children: []
  m_Father: {fileID: 595416324}
  m_RootOrder: 0
  m_LocalEulerAnglesHint: {x: 0, y: 0, z: 0}
--- !u!1 &1948747871
GameObject:
  m_ObjectHideFlags: 0
  m_CorrespondingSourceObject: {fileID: 0}
  m_PrefabInstance: {fileID: 0}
  m_PrefabAsset: {fileID: 0}
  serializedVersion: 6
  m_Component:
  - component: {fileID: 1948747872}
  - component: {fileID: 1948747873}
  m_Layer: 8
  m_Name: LimitBoundariesLeft
  m_TagString: Untagged
  m_Icon: {fileID: 0}
  m_NavMeshLayer: 0
  m_StaticEditorFlags: 0
  m_IsActive: 1
--- !u!224 &1948747872
RectTransform:
  m_ObjectHideFlags: 0
  m_CorrespondingSourceObject: {fileID: 0}
  m_PrefabInstance: {fileID: 0}
  m_PrefabAsset: {fileID: 0}
  m_GameObject: {fileID: 1948747871}
  m_LocalRotation: {x: 0, y: 0, z: 0, w: 1}
  m_LocalPosition: {x: 0, y: 0, z: 15}
  m_LocalScale: {x: 13, y: 6, z: 1}
  m_Children: []
  m_Father: {fileID: 1966668123}
  m_RootOrder: 1
  m_LocalEulerAnglesHint: {x: 0, y: 0, z: 0}
  m_AnchorMin: {x: 0.5, y: 0.5}
  m_AnchorMax: {x: 0.5, y: 0.5}
  m_AnchoredPosition: {x: -14.718, y: 0}
  m_SizeDelta: {x: 2.4014168, y: 0.99999976}
  m_Pivot: {x: 0.027071085, y: 0.49999994}
--- !u!61 &1948747873
BoxCollider2D:
  m_ObjectHideFlags: 0
  m_CorrespondingSourceObject: {fileID: 0}
  m_PrefabInstance: {fileID: 0}
  m_PrefabAsset: {fileID: 0}
  m_GameObject: {fileID: 1948747871}
  m_Enabled: 1
  m_Density: 1
  m_Material: {fileID: 0}
  m_IsTrigger: 0
  m_UsedByEffector: 0
  m_UsedByComposite: 0
  m_Offset: {x: -0.035351608, y: -0.011585593}
  m_SpriteTilingProperty:
    border: {x: 0, y: 0, z: 0, w: 0}
    pivot: {x: 0, y: 0}
    oldSize: {x: 0, y: 0}
    newSize: {x: 0, y: 0}
    adaptiveTilingThreshold: 0
    drawMode: 0
    adaptiveTiling: 0
  m_AutoTiling: 0
  serializedVersion: 2
  m_Size: {x: 0.030863019, y: 0.9457177}
  m_EdgeRadius: 0
--- !u!1 &1966668119
GameObject:
  m_ObjectHideFlags: 0
  m_CorrespondingSourceObject: {fileID: 0}
  m_PrefabInstance: {fileID: 0}
  m_PrefabAsset: {fileID: 0}
  serializedVersion: 6
  m_Component:
  - component: {fileID: 1966668123}
  - component: {fileID: 1966668122}
  - component: {fileID: 1966668121}
  - component: {fileID: 1966668120}
  m_Layer: 8
  m_Name: BackGround
  m_TagString: Untagged
  m_Icon: {fileID: 0}
  m_NavMeshLayer: 0
  m_StaticEditorFlags: 0
  m_IsActive: 1
--- !u!222 &1966668120
CanvasRenderer:
  m_ObjectHideFlags: 0
  m_CorrespondingSourceObject: {fileID: 0}
  m_PrefabInstance: {fileID: 0}
  m_PrefabAsset: {fileID: 0}
  m_GameObject: {fileID: 1966668119}
  m_CullTransparentMesh: 0
--- !u!61 &1966668121
BoxCollider2D:
  m_ObjectHideFlags: 0
  m_CorrespondingSourceObject: {fileID: 0}
  m_PrefabInstance: {fileID: 0}
  m_PrefabAsset: {fileID: 0}
  m_GameObject: {fileID: 1966668119}
  m_Enabled: 1
  m_Density: 1
  m_Material: {fileID: 0}
  m_IsTrigger: 0
  m_UsedByEffector: 0
  m_UsedByComposite: 0
  m_Offset: {x: 0, y: -2.5906007}
  m_SpriteTilingProperty:
    border: {x: 0, y: 0, z: 0, w: 0}
    pivot: {x: 0.5, y: 0.5}
    oldSize: {x: 30.87437, y: 6}
    newSize: {x: 30.87437, y: 6}
    adaptiveTilingThreshold: 0.5
    drawMode: 0
    adaptiveTiling: 0
  m_AutoTiling: 0
  serializedVersion: 2
  m_Size: {x: 31, y: 0.4}
  m_EdgeRadius: 0
--- !u!212 &1966668122
SpriteRenderer:
  m_ObjectHideFlags: 0
  m_CorrespondingSourceObject: {fileID: 0}
  m_PrefabInstance: {fileID: 0}
  m_PrefabAsset: {fileID: 0}
  m_GameObject: {fileID: 1966668119}
  m_Enabled: 1
  m_CastShadows: 0
  m_ReceiveShadows: 0
  m_DynamicOccludee: 1
  m_MotionVectors: 1
  m_LightProbeUsage: 1
  m_ReflectionProbeUsage: 1
  m_RayTracingMode: 0
  m_RenderingLayerMask: 1
  m_RendererPriority: 0
  m_Materials:
  - {fileID: 2100000, guid: 488b3dda647504a49a92363c151e60ea, type: 2}
  m_StaticBatchInfo:
    firstSubMesh: 0
    subMeshCount: 0
  m_StaticBatchRoot: {fileID: 0}
  m_ProbeAnchor: {fileID: 0}
  m_LightProbeVolumeOverride: {fileID: 0}
  m_ScaleInLightmap: 1
  m_ReceiveGI: 1
  m_PreserveUVs: 0
  m_IgnoreNormalsForChartDetection: 0
  m_ImportantGI: 0
  m_StitchLightmapSeams: 1
  m_SelectedEditorRenderState: 0
  m_MinimumChartSize: 4
  m_AutoUVMaxDistance: 0.5
  m_AutoUVMaxAngle: 89
  m_LightmapParameters: {fileID: 0}
  m_SortingLayerID: 0
  m_SortingLayer: 0
  m_SortingOrder: 0
  m_Sprite: {fileID: 21300000, guid: 4cb7d8f798fe45440aa472c550d68b54, type: 3}
  m_Color: {r: 1, g: 1, b: 1, a: 1}
  m_FlipX: 0
  m_FlipY: 0
  m_DrawMode: 0
  m_Size: {x: 30.87437, y: 6}
  m_AdaptiveModeThreshold: 0.5
  m_SpriteTileMode: 0
  m_WasSpriteAssigned: 1
  m_MaskInteraction: 0
  m_SpriteSortPoint: 0
--- !u!224 &1966668123
RectTransform:
  m_ObjectHideFlags: 0
  m_CorrespondingSourceObject: {fileID: 0}
  m_PrefabInstance: {fileID: 0}
  m_PrefabAsset: {fileID: 0}
  m_GameObject: {fileID: 1966668119}
  m_LocalRotation: {x: -0, y: -0, z: -0, w: 1}
  m_LocalPosition: {x: 0, y: 0, z: 5599.17}
  m_LocalScale: {x: 13, y: 6, z: 1}
  m_Children:
  - {fileID: 462967187}
  - {fileID: 1948747872}
  - {fileID: 375310548}
  m_Father: {fileID: 595416324}
  m_RootOrder: 1
  m_LocalEulerAnglesHint: {x: 0, y: 0, z: 0}
  m_AnchorMin: {x: 0.5, y: 0.5}
  m_AnchorMax: {x: 0.5, y: 0.5}
  m_AnchoredPosition: {x: -745.46027, y: -118.57847}
  m_SizeDelta: {x: 30.825272, y: 6.033737}
  m_Pivot: {x: 0.5, y: 0.5}
--- !u!1001 &1990669121606195809
PrefabInstance:
  m_ObjectHideFlags: 0
  serializedVersion: 2
  m_Modification:
    m_TransformParent: {fileID: 0}
    m_Modifications:
    - target: {fileID: 1990669120268596340, guid: ed2ebdeadb0c34e42a3d2bb2412f60d1,
        type: 3}
      propertyPath: m_Name
      value: DebugForCheats
      objectReference: {fileID: 0}
    - target: {fileID: 1990669120268596342, guid: ed2ebdeadb0c34e42a3d2bb2412f60d1,
        type: 3}
      propertyPath: m_RootOrder
      value: 4
      objectReference: {fileID: 0}
    - target: {fileID: 1990669120268596342, guid: ed2ebdeadb0c34e42a3d2bb2412f60d1,
        type: 3}
      propertyPath: m_LocalPosition.x
      value: 420.39862
      objectReference: {fileID: 0}
    - target: {fileID: 1990669120268596342, guid: ed2ebdeadb0c34e42a3d2bb2412f60d1,
        type: 3}
      propertyPath: m_LocalPosition.y
      value: 207.58221
      objectReference: {fileID: 0}
    - target: {fileID: 1990669120268596342, guid: ed2ebdeadb0c34e42a3d2bb2412f60d1,
        type: 3}
      propertyPath: m_LocalPosition.z
      value: -2645.5605
      objectReference: {fileID: 0}
    - target: {fileID: 1990669120268596342, guid: ed2ebdeadb0c34e42a3d2bb2412f60d1,
        type: 3}
      propertyPath: m_LocalRotation.w
      value: 1
      objectReference: {fileID: 0}
    - target: {fileID: 1990669120268596342, guid: ed2ebdeadb0c34e42a3d2bb2412f60d1,
        type: 3}
      propertyPath: m_LocalRotation.x
      value: 0
      objectReference: {fileID: 0}
    - target: {fileID: 1990669120268596342, guid: ed2ebdeadb0c34e42a3d2bb2412f60d1,
        type: 3}
      propertyPath: m_LocalRotation.y
      value: 0
      objectReference: {fileID: 0}
    - target: {fileID: 1990669120268596342, guid: ed2ebdeadb0c34e42a3d2bb2412f60d1,
        type: 3}
      propertyPath: m_LocalRotation.z
      value: 0
      objectReference: {fileID: 0}
    - target: {fileID: 1990669120268596342, guid: ed2ebdeadb0c34e42a3d2bb2412f60d1,
        type: 3}
      propertyPath: m_LocalEulerAnglesHint.x
      value: 0
      objectReference: {fileID: 0}
    - target: {fileID: 1990669120268596342, guid: ed2ebdeadb0c34e42a3d2bb2412f60d1,
        type: 3}
      propertyPath: m_LocalEulerAnglesHint.y
      value: 0
      objectReference: {fileID: 0}
    - target: {fileID: 1990669120268596342, guid: ed2ebdeadb0c34e42a3d2bb2412f60d1,
        type: 3}
      propertyPath: m_LocalEulerAnglesHint.z
      value: 0
      objectReference: {fileID: 0}
    m_RemovedComponents: []
  m_SourcePrefab: {fileID: 100100000, guid: ed2ebdeadb0c34e42a3d2bb2412f60d1, type: 3}
--- !u!1001 &3911113346341518357
PrefabInstance:
  m_ObjectHideFlags: 0
  serializedVersion: 2
  m_Modification:
    m_TransformParent: {fileID: 595416324}
    m_Modifications:
    - target: {fileID: 3911113346370270974, guid: ebec4966285bb8d4c975f75606d6be40,
        type: 3}
      propertyPath: m_RootOrder
      value: 3
      objectReference: {fileID: 0}
    - target: {fileID: 3911113346370270974, guid: ebec4966285bb8d4c975f75606d6be40,
        type: 3}
      propertyPath: m_LocalPosition.x
      value: 0
      objectReference: {fileID: 0}
    - target: {fileID: 3911113346370270974, guid: ebec4966285bb8d4c975f75606d6be40,
        type: 3}
      propertyPath: m_LocalPosition.y
      value: 0
      objectReference: {fileID: 0}
    - target: {fileID: 3911113346370270974, guid: ebec4966285bb8d4c975f75606d6be40,
        type: 3}
      propertyPath: m_LocalPosition.z
      value: 0
      objectReference: {fileID: 0}
    - target: {fileID: 3911113346370270974, guid: ebec4966285bb8d4c975f75606d6be40,
        type: 3}
      propertyPath: m_LocalRotation.w
      value: 1
      objectReference: {fileID: 0}
    - target: {fileID: 3911113346370270974, guid: ebec4966285bb8d4c975f75606d6be40,
        type: 3}
      propertyPath: m_LocalRotation.x
      value: 0
      objectReference: {fileID: 0}
    - target: {fileID: 3911113346370270974, guid: ebec4966285bb8d4c975f75606d6be40,
        type: 3}
      propertyPath: m_LocalRotation.y
      value: 0
      objectReference: {fileID: 0}
    - target: {fileID: 3911113346370270974, guid: ebec4966285bb8d4c975f75606d6be40,
        type: 3}
      propertyPath: m_LocalRotation.z
      value: 0
      objectReference: {fileID: 0}
    - target: {fileID: 3911113346370270974, guid: ebec4966285bb8d4c975f75606d6be40,
        type: 3}
      propertyPath: m_LocalEulerAnglesHint.x
      value: 0
      objectReference: {fileID: 0}
    - target: {fileID: 3911113346370270974, guid: ebec4966285bb8d4c975f75606d6be40,
        type: 3}
      propertyPath: m_LocalEulerAnglesHint.y
      value: 0
      objectReference: {fileID: 0}
    - target: {fileID: 3911113346370270974, guid: ebec4966285bb8d4c975f75606d6be40,
        type: 3}
      propertyPath: m_LocalEulerAnglesHint.z
      value: 0
      objectReference: {fileID: 0}
    - target: {fileID: 3911113346370270975, guid: ebec4966285bb8d4c975f75606d6be40,
        type: 3}
      propertyPath: m_Name
      value: Audio
      objectReference: {fileID: 0}
    m_RemovedComponents: []
  m_SourcePrefab: {fileID: 100100000, guid: ebec4966285bb8d4c975f75606d6be40, type: 3}
--- !u!1001 &5341669341493079786
PrefabInstance:
  m_ObjectHideFlags: 0
  serializedVersion: 2
  m_Modification:
    m_TransformParent: {fileID: 595416324}
    m_Modifications:
    - target: {fileID: 5341669341334455499, guid: dd3dc0fe2c874234e94296ed45ccd5c1,
        type: 3}
      propertyPath: Rankbatl
      value: 
      objectReference: {fileID: 981759342}
    - target: {fileID: 5341669341334455499, guid: dd3dc0fe2c874234e94296ed45ccd5c1,
        type: 3}
      propertyPath: TextRank
      value: 
      objectReference: {fileID: 1337416238}
    - target: {fileID: 5341669341334455499, guid: dd3dc0fe2c874234e94296ed45ccd5c1,
        type: 3}
      propertyPath: ProgressBarRank
      value: 
      objectReference: {fileID: 1492839519}
    - target: {fileID: 5341669341334455537, guid: dd3dc0fe2c874234e94296ed45ccd5c1,
        type: 3}
      propertyPath: m_RootOrder
      value: 6
      objectReference: {fileID: 0}
    - target: {fileID: 5341669341334455537, guid: dd3dc0fe2c874234e94296ed45ccd5c1,
        type: 3}
      propertyPath: m_LocalPosition.x
      value: -857.942
      objectReference: {fileID: 0}
    - target: {fileID: 5341669341334455537, guid: dd3dc0fe2c874234e94296ed45ccd5c1,
        type: 3}
      propertyPath: m_LocalPosition.y
      value: -122.73
      objectReference: {fileID: 0}
    - target: {fileID: 5341669341334455537, guid: dd3dc0fe2c874234e94296ed45ccd5c1,
        type: 3}
      propertyPath: m_LocalPosition.z
      value: 5594.17
      objectReference: {fileID: 0}
    - target: {fileID: 5341669341334455537, guid: dd3dc0fe2c874234e94296ed45ccd5c1,
        type: 3}
      propertyPath: m_LocalRotation.w
      value: 1
      objectReference: {fileID: 0}
    - target: {fileID: 5341669341334455537, guid: dd3dc0fe2c874234e94296ed45ccd5c1,
        type: 3}
      propertyPath: m_LocalRotation.x
      value: -0
      objectReference: {fileID: 0}
    - target: {fileID: 5341669341334455537, guid: dd3dc0fe2c874234e94296ed45ccd5c1,
        type: 3}
      propertyPath: m_LocalRotation.y
      value: -0
      objectReference: {fileID: 0}
    - target: {fileID: 5341669341334455537, guid: dd3dc0fe2c874234e94296ed45ccd5c1,
        type: 3}
      propertyPath: m_LocalRotation.z
      value: -0
      objectReference: {fileID: 0}
    - target: {fileID: 5341669341334455537, guid: dd3dc0fe2c874234e94296ed45ccd5c1,
        type: 3}
      propertyPath: m_LocalEulerAnglesHint.x
      value: 0
      objectReference: {fileID: 0}
    - target: {fileID: 5341669341334455537, guid: dd3dc0fe2c874234e94296ed45ccd5c1,
        type: 3}
      propertyPath: m_LocalEulerAnglesHint.y
      value: 0
      objectReference: {fileID: 0}
    - target: {fileID: 5341669341334455537, guid: dd3dc0fe2c874234e94296ed45ccd5c1,
        type: 3}
      propertyPath: m_LocalEulerAnglesHint.z
      value: 0
      objectReference: {fileID: 0}
    - target: {fileID: 5341669341334455538, guid: dd3dc0fe2c874234e94296ed45ccd5c1,
        type: 3}
      propertyPath: m_Name
      value: Player
      objectReference: {fileID: 0}
    - target: {fileID: 5341669341334455542, guid: dd3dc0fe2c874234e94296ed45ccd5c1,
        type: 3}
      propertyPath: MenuEnd
      value: 
      objectReference: {fileID: 942661519}
    m_RemovedComponents: []
  m_SourcePrefab: {fileID: 100100000, guid: dd3dc0fe2c874234e94296ed45ccd5c1, type: 3}
--- !u!1001 &5544975088994315591
PrefabInstance:
  m_ObjectHideFlags: 0
  serializedVersion: 2
  m_Modification:
    m_TransformParent: {fileID: 595416324}
    m_Modifications:
    - target: {fileID: 5544975089724623919, guid: 6c8f081c826ba434a904224d8d357c1a,
        type: 3}
      propertyPath: m_Animation
      value: 
      objectReference: {fileID: 7400000, guid: 76bcb001bb4c9104287766749f66d035, type: 2}
    - target: {fileID: 5544975089724623919, guid: 6c8f081c826ba434a904224d8d357c1a,
        type: 3}
      propertyPath: m_Animations.Array.data[0]
      value: 
      objectReference: {fileID: 7400000, guid: 76bcb001bb4c9104287766749f66d035, type: 2}
    - target: {fileID: 5544975090009378302, guid: 6c8f081c826ba434a904224d8d357c1a,
        type: 3}
      propertyPath: audioSource.Array.data[0]
      value: 
      objectReference: {fileID: 58095528}
    - target: {fileID: 5544975090009378302, guid: 6c8f081c826ba434a904224d8d357c1a,
        type: 3}
      propertyPath: audioSource.Array.data[1]
      value: 
      objectReference: {fileID: 598040449}
    - target: {fileID: 5544975090209404789, guid: 6c8f081c826ba434a904224d8d357c1a,
        type: 3}
      propertyPath: m_Animation
      value: 
      objectReference: {fileID: 7400000, guid: 76bcb001bb4c9104287766749f66d035, type: 2}
    - target: {fileID: 5544975090209404789, guid: 6c8f081c826ba434a904224d8d357c1a,
        type: 3}
      propertyPath: m_Animations.Array.data[0]
      value: 
      objectReference: {fileID: 7400000, guid: 76bcb001bb4c9104287766749f66d035, type: 2}
    - target: {fileID: 5544975090371288800, guid: 6c8f081c826ba434a904224d8d357c1a,
        type: 3}
      propertyPath: m_Pivot.x
      value: 0
      objectReference: {fileID: 0}
    - target: {fileID: 5544975090371288800, guid: 6c8f081c826ba434a904224d8d357c1a,
        type: 3}
      propertyPath: m_Pivot.y
      value: 0
      objectReference: {fileID: 0}
    - target: {fileID: 5544975090371288800, guid: 6c8f081c826ba434a904224d8d357c1a,
        type: 3}
      propertyPath: m_RootOrder
      value: 2
      objectReference: {fileID: 0}
    - target: {fileID: 5544975090371288800, guid: 6c8f081c826ba434a904224d8d357c1a,
        type: 3}
      propertyPath: m_AnchorMax.x
      value: 0
      objectReference: {fileID: 0}
    - target: {fileID: 5544975090371288800, guid: 6c8f081c826ba434a904224d8d357c1a,
        type: 3}
      propertyPath: m_AnchorMax.y
      value: 0
      objectReference: {fileID: 0}
    - target: {fileID: 5544975090371288800, guid: 6c8f081c826ba434a904224d8d357c1a,
        type: 3}
      propertyPath: m_AnchorMin.x
      value: 0
      objectReference: {fileID: 0}
    - target: {fileID: 5544975090371288800, guid: 6c8f081c826ba434a904224d8d357c1a,
        type: 3}
      propertyPath: m_AnchorMin.y
      value: 0
      objectReference: {fileID: 0}
    - target: {fileID: 5544975090371288800, guid: 6c8f081c826ba434a904224d8d357c1a,
        type: 3}
      propertyPath: m_SizeDelta.x
      value: 0
      objectReference: {fileID: 0}
    - target: {fileID: 5544975090371288800, guid: 6c8f081c826ba434a904224d8d357c1a,
        type: 3}
      propertyPath: m_SizeDelta.y
      value: 0
      objectReference: {fileID: 0}
    - target: {fileID: 5544975090371288800, guid: 6c8f081c826ba434a904224d8d357c1a,
        type: 3}
      propertyPath: m_LocalPosition.x
      value: 0
      objectReference: {fileID: 0}
    - target: {fileID: 5544975090371288800, guid: 6c8f081c826ba434a904224d8d357c1a,
        type: 3}
      propertyPath: m_LocalPosition.y
      value: 0
      objectReference: {fileID: 0}
    - target: {fileID: 5544975090371288800, guid: 6c8f081c826ba434a904224d8d357c1a,
        type: 3}
      propertyPath: m_LocalPosition.z
      value: 0
      objectReference: {fileID: 0}
    - target: {fileID: 5544975090371288800, guid: 6c8f081c826ba434a904224d8d357c1a,
        type: 3}
      propertyPath: m_LocalRotation.w
      value: 1
      objectReference: {fileID: 0}
    - target: {fileID: 5544975090371288800, guid: 6c8f081c826ba434a904224d8d357c1a,
        type: 3}
      propertyPath: m_LocalRotation.x
      value: 0
      objectReference: {fileID: 0}
    - target: {fileID: 5544975090371288800, guid: 6c8f081c826ba434a904224d8d357c1a,
        type: 3}
      propertyPath: m_LocalRotation.y
      value: 0
      objectReference: {fileID: 0}
    - target: {fileID: 5544975090371288800, guid: 6c8f081c826ba434a904224d8d357c1a,
        type: 3}
      propertyPath: m_LocalRotation.z
      value: 0
      objectReference: {fileID: 0}
    - target: {fileID: 5544975090371288800, guid: 6c8f081c826ba434a904224d8d357c1a,
        type: 3}
      propertyPath: m_AnchoredPosition.x
      value: 0
      objectReference: {fileID: 0}
    - target: {fileID: 5544975090371288800, guid: 6c8f081c826ba434a904224d8d357c1a,
        type: 3}
      propertyPath: m_AnchoredPosition.y
      value: 0
      objectReference: {fileID: 0}
    - target: {fileID: 5544975090371288800, guid: 6c8f081c826ba434a904224d8d357c1a,
        type: 3}
      propertyPath: m_LocalEulerAnglesHint.x
      value: 0
      objectReference: {fileID: 0}
    - target: {fileID: 5544975090371288800, guid: 6c8f081c826ba434a904224d8d357c1a,
        type: 3}
      propertyPath: m_LocalEulerAnglesHint.y
      value: 0
      objectReference: {fileID: 0}
    - target: {fileID: 5544975090371288800, guid: 6c8f081c826ba434a904224d8d357c1a,
        type: 3}
      propertyPath: m_LocalEulerAnglesHint.z
      value: 0
      objectReference: {fileID: 0}
    - target: {fileID: 5544975090371288801, guid: 6c8f081c826ba434a904224d8d357c1a,
        type: 3}
      propertyPath: m_Name
      value: UI
      objectReference: {fileID: 0}
    m_RemovedComponents: []
  m_SourcePrefab: {fileID: 100100000, guid: 6c8f081c826ba434a904224d8d357c1a, type: 3}
--- !u!1001 &5777093850886422801
PrefabInstance:
  m_ObjectHideFlags: 0
  serializedVersion: 2
  m_Modification:
    m_TransformParent: {fileID: 595416324}
    m_Modifications:
    - target: {fileID: 5777093850986709665, guid: 8f73553212a73e444b3b0b9ca0bfd53e,
        type: 3}
      propertyPath: Attack1
      value: 
      objectReference: {fileID: 0}
    - target: {fileID: 5777093851132858555, guid: 8f73553212a73e444b3b0b9ca0bfd53e,
        type: 3}
      propertyPath: Attack1
      value: 
      objectReference: {fileID: 0}
    - target: {fileID: 5777093851139803586, guid: 8f73553212a73e444b3b0b9ca0bfd53e,
        type: 3}
      propertyPath: m_RootOrder
      value: 4
      objectReference: {fileID: 0}
    - target: {fileID: 5777093851139803586, guid: 8f73553212a73e444b3b0b9ca0bfd53e,
        type: 3}
      propertyPath: m_LocalPosition.x
      value: 0
      objectReference: {fileID: 0}
    - target: {fileID: 5777093851139803586, guid: 8f73553212a73e444b3b0b9ca0bfd53e,
        type: 3}
      propertyPath: m_LocalPosition.y
      value: 0
      objectReference: {fileID: 0}
    - target: {fileID: 5777093851139803586, guid: 8f73553212a73e444b3b0b9ca0bfd53e,
        type: 3}
      propertyPath: m_LocalPosition.z
      value: 6.5
      objectReference: {fileID: 0}
    - target: {fileID: 5777093851139803586, guid: 8f73553212a73e444b3b0b9ca0bfd53e,
        type: 3}
      propertyPath: m_LocalRotation.w
      value: 1
      objectReference: {fileID: 0}
    - target: {fileID: 5777093851139803586, guid: 8f73553212a73e444b3b0b9ca0bfd53e,
        type: 3}
      propertyPath: m_LocalRotation.x
      value: 0
      objectReference: {fileID: 0}
    - target: {fileID: 5777093851139803586, guid: 8f73553212a73e444b3b0b9ca0bfd53e,
        type: 3}
      propertyPath: m_LocalRotation.y
      value: 0
      objectReference: {fileID: 0}
    - target: {fileID: 5777093851139803586, guid: 8f73553212a73e444b3b0b9ca0bfd53e,
        type: 3}
      propertyPath: m_LocalRotation.z
      value: 0
      objectReference: {fileID: 0}
    - target: {fileID: 5777093851139803586, guid: 8f73553212a73e444b3b0b9ca0bfd53e,
        type: 3}
      propertyPath: m_LocalEulerAnglesHint.x
      value: 0
      objectReference: {fileID: 0}
    - target: {fileID: 5777093851139803586, guid: 8f73553212a73e444b3b0b9ca0bfd53e,
        type: 3}
      propertyPath: m_LocalEulerAnglesHint.y
      value: 0
      objectReference: {fileID: 0}
    - target: {fileID: 5777093851139803586, guid: 8f73553212a73e444b3b0b9ca0bfd53e,
        type: 3}
      propertyPath: m_LocalEulerAnglesHint.z
      value: 0
      objectReference: {fileID: 0}
    - target: {fileID: 5777093851139803587, guid: 8f73553212a73e444b3b0b9ca0bfd53e,
        type: 3}
      propertyPath: m_Name
      value: Enemy
      objectReference: {fileID: 0}
    m_RemovedComponents: []
  m_SourcePrefab: {fileID: 100100000, guid: 8f73553212a73e444b3b0b9ca0bfd53e, type: 3}
--- !u!1001 &8762397952505443777
PrefabInstance:
  m_ObjectHideFlags: 0
  serializedVersion: 2
  m_Modification:
    m_TransformParent: {fileID: 0}
    m_Modifications:
    - target: {fileID: 8762397953001931667, guid: 7a7d385fc3feb30479cd99245acbe62b,
        type: 3}
      propertyPath: m_Name
      value: GameMenu
      objectReference: {fileID: 0}
    - target: {fileID: 8762397953001931669, guid: 7a7d385fc3feb30479cd99245acbe62b,
        type: 3}
      propertyPath: m_RootOrder
      value: 1
      objectReference: {fileID: 0}
    - target: {fileID: 8762397953001931669, guid: 7a7d385fc3feb30479cd99245acbe62b,
        type: 3}
      propertyPath: m_LocalPosition.x
      value: 535.9115
      objectReference: {fileID: 0}
    - target: {fileID: 8762397953001931669, guid: 7a7d385fc3feb30479cd99245acbe62b,
        type: 3}
      propertyPath: m_LocalPosition.y
      value: 332.6643
      objectReference: {fileID: 0}
    - target: {fileID: 8762397953001931669, guid: 7a7d385fc3feb30479cd99245acbe62b,
        type: 3}
      propertyPath: m_LocalPosition.z
      value: -6029.8564
      objectReference: {fileID: 0}
    - target: {fileID: 8762397953001931669, guid: 7a7d385fc3feb30479cd99245acbe62b,
        type: 3}
      propertyPath: m_LocalRotation.w
      value: 1
      objectReference: {fileID: 0}
    - target: {fileID: 8762397953001931669, guid: 7a7d385fc3feb30479cd99245acbe62b,
        type: 3}
      propertyPath: m_LocalRotation.x
      value: 0
      objectReference: {fileID: 0}
    - target: {fileID: 8762397953001931669, guid: 7a7d385fc3feb30479cd99245acbe62b,
        type: 3}
      propertyPath: m_LocalRotation.y
      value: 0
      objectReference: {fileID: 0}
    - target: {fileID: 8762397953001931669, guid: 7a7d385fc3feb30479cd99245acbe62b,
        type: 3}
      propertyPath: m_LocalRotation.z
      value: 0
      objectReference: {fileID: 0}
    - target: {fileID: 8762397953001931669, guid: 7a7d385fc3feb30479cd99245acbe62b,
        type: 3}
      propertyPath: m_LocalEulerAnglesHint.x
      value: 0
      objectReference: {fileID: 0}
    - target: {fileID: 8762397953001931669, guid: 7a7d385fc3feb30479cd99245acbe62b,
        type: 3}
      propertyPath: m_LocalEulerAnglesHint.y
      value: 0
      objectReference: {fileID: 0}
    - target: {fileID: 8762397953001931669, guid: 7a7d385fc3feb30479cd99245acbe62b,
        type: 3}
      propertyPath: m_LocalEulerAnglesHint.z
      value: 0
      objectReference: {fileID: 0}
    - target: {fileID: 8762397953001931671, guid: 7a7d385fc3feb30479cd99245acbe62b,
        type: 3}
      propertyPath: CanvasTimer
      value: 
      objectReference: {fileID: 1444754342}
    m_RemovedComponents: []
  m_SourcePrefab: {fileID: 100100000, guid: 7a7d385fc3feb30479cd99245acbe62b, type: 3}
--- !u!1001 &8778599561734216033
PrefabInstance:
  m_ObjectHideFlags: 0
  serializedVersion: 2
  m_Modification:
    m_TransformParent: {fileID: 0}
    m_Modifications:
    - target: {fileID: 8778599560735102217, guid: 66233742f39b0ab47a89e2541463bc60,
        type: 3}
      propertyPath: m_Name
      value: Main Camera
      objectReference: {fileID: 0}
    - target: {fileID: 8778599560735102218, guid: 66233742f39b0ab47a89e2541463bc60,
        type: 3}
      propertyPath: m_RootOrder
      value: 2
      objectReference: {fileID: 0}
    - target: {fileID: 8778599560735102218, guid: 66233742f39b0ab47a89e2541463bc60,
        type: 3}
      propertyPath: m_LocalPosition.x
      value: -99.2
      objectReference: {fileID: 0}
    - target: {fileID: 8778599560735102218, guid: 66233742f39b0ab47a89e2541463bc60,
        type: 3}
      propertyPath: m_LocalPosition.y
      value: -7.2
      objectReference: {fileID: 0}
    - target: {fileID: 8778599560735102218, guid: 66233742f39b0ab47a89e2541463bc60,
        type: 3}
      propertyPath: m_LocalPosition.z
      value: -10
      objectReference: {fileID: 0}
    - target: {fileID: 8778599560735102218, guid: 66233742f39b0ab47a89e2541463bc60,
        type: 3}
      propertyPath: m_LocalRotation.w
      value: 1
      objectReference: {fileID: 0}
    - target: {fileID: 8778599560735102218, guid: 66233742f39b0ab47a89e2541463bc60,
        type: 3}
      propertyPath: m_LocalRotation.x
      value: -0
      objectReference: {fileID: 0}
    - target: {fileID: 8778599560735102218, guid: 66233742f39b0ab47a89e2541463bc60,
        type: 3}
      propertyPath: m_LocalRotation.y
      value: -0
      objectReference: {fileID: 0}
    - target: {fileID: 8778599560735102218, guid: 66233742f39b0ab47a89e2541463bc60,
        type: 3}
      propertyPath: m_LocalRotation.z
      value: -0
      objectReference: {fileID: 0}
    - target: {fileID: 8778599560735102218, guid: 66233742f39b0ab47a89e2541463bc60,
        type: 3}
      propertyPath: m_LocalEulerAnglesHint.x
      value: 0
      objectReference: {fileID: 0}
    - target: {fileID: 8778599560735102218, guid: 66233742f39b0ab47a89e2541463bc60,
        type: 3}
      propertyPath: m_LocalEulerAnglesHint.y
      value: 0
      objectReference: {fileID: 0}
    - target: {fileID: 8778599560735102218, guid: 66233742f39b0ab47a89e2541463bc60,
        type: 3}
      propertyPath: m_LocalEulerAnglesHint.z
      value: 0
      objectReference: {fileID: 0}
    m_RemovedComponents: []
  m_SourcePrefab: {fileID: 100100000, guid: 66233742f39b0ab47a89e2541463bc60, type: 3}
